<record><leader>00000cas a22000007a 4500</leader><controlfield tag="001">23296298</controlfield><controlfield tag="008">910326d18891uuunmuwr ne      0    0eng d</controlfield><datafield ind1=" " ind2=" " tag="010"><subfield code="a">sn 91052378 </subfield></datafield><datafield ind1=" " ind2=" " tag="040"><subfield code="a">CNQ</subfield><subfield code="b">eng</subfield><subfield code="c">CNQ</subfield><subfield code="d">NVM</subfield><subfield code="d">OCLCQ</subfield><subfield code="d">OCLCF</subfield><subfield code="d">OCLCO</subfield></datafield><datafield ind1="1" ind2=" " tag="029"><subfield code="a">AU@</subfield><subfield code="b">000025865764</subfield></datafield><datafield ind1=" " ind2=" " tag="042"><subfield code="a">msc</subfield></datafield><datafield ind1=" " ind2=" " tag="043"><subfield code="a">n-us-nm</subfield></datafield><datafield ind1="0" ind2=" " tag="130"><subfield code="a">Free lance (Santa Fe, N.M.)</subfield></datafield><datafield ind1="1" ind2="4" tag="245"><subfield code="a">The free lance.</subfield></datafield><datafield ind1="1" ind2="3" tag="246"><subfield code="a">Weekly free lance</subfield></datafield><datafield ind1=" " ind2=" " tag="260"><subfield code="a">Santa Fe, N.M. :</subfield><subfield code="b">Free Lance Pub. Co.</subfield></datafield><datafield ind1=" " ind2=" " tag="300"><subfield code="a">v.</subfield></datafield><datafield ind1=" " ind2=" " tag="310"><subfield code="a">Weekly</subfield></datafield><datafield ind1="0" ind2=" " tag="362"><subfield code="a">Vol. 1, no. 1 (June 28, 1889)-</subfield></datafield><datafield ind1=" " ind2="0" tag="651"><subfield code="a">Santa Fe (N.M.)</subfield><subfield code="v">Newspapers.</subfield></datafield><datafield ind1=" " ind2="0" tag="651"><subfield code="a">Santa Fe County (N.M.)</subfield><subfield code="v">Newspapers.</subfield></datafield><datafield ind1=" " ind2="7" tag="655"><subfield code="a">Newspapers.</subfield><subfield code="2">fast</subfield><subfield code="0">(OCoLC)fst01423814</subfield></datafield><datafield ind1=" " ind2="7" tag="651"><subfield code="a">New Mexico</subfield><subfield code="z">Santa Fe.</subfield><subfield code="2">fast</subfield><subfield code="0">(OCoLC)fst01205208</subfield></datafield><datafield ind1=" " ind2="7" tag="651"><subfield code="a">New Mexico</subfield><subfield code="z">Santa Fe County.</subfield><subfield code="2">fast</subfield><subfield code="0">(OCoLC)fst01216898</subfield></datafield><datafield ind1=" " ind2=" " tag="752"><subfield code="a">United States</subfield><subfield code="b">New Mexico</subfield><subfield code="c">Santa Fe</subfield><subfield code="d">Santa Fe.</subfield></datafield></record>